% This file was created with JabRef 2.4.1.
% Encoding: Cp1252

@TECHREPORT{misc:Mikkola2013,
author = {Mikkola, Hannu and Dalgaard, Tommy and Briassoulis, Demetres and Panagakis, Panos and Balafoutis, Athanasios and Meyer-Aurich, Andreas and Baptista, Fatima and Silva, Luis and Murcho, Dina and {de Castro Neto}, Miguel and Myhan, Ryszard and Brodziński, Zbigniew and Stolarski, Mariusz and Olba-Zięty, Ewelina and Gołaszewski, Janusz and Schoorlemmer, Herman and de Visser, Chris},
keywords = {efficency,energy,energy iffencicy,eu},
mendeley-tags = {efficency,energy,energy iffencicy,eu},
pages = {35},
title = {{D4.5. Agenda for Transnational Co-operation on energy efficency in agriculture}},
year = {2013}
}
@ARTICLE{Mancuso2006,
author = {Mancuso, M. and Bustaffa, F.},
doi = {10.1109/WFCS.2006.1704135},
file = {:home/zombie/Dropbox/TU/Bachelor Arbeit Energieeffizenz/Quellen/Articolo - WSCF06-A\_WSN\_for\_monitoring\_environmental\_varables\_in\_a\_tomato\_greenhouse.pdf:pdf},
isbn = {1-4244-0379-0},
journal = {2006 IEEE International Workshop on Factory Communication Systems},
pages = {107--110},
publisher = {Ieee},
title = {{A wireless sensors network for monitoring environmental variables in a tomato greenhouse}},
url = {http://ieeexplore.ieee.org/lpdocs/epic03/wrapper.htm?arnumber=1704135},
year = {2006}
}
@ARTICLE{Zhou2013,
address = {Paris, France},
author = {Zhou, Jianjun and Wang, Xiaofang and Wang, Xiu and Zou, Wei and Cai, Jichen},
doi = {10.2991/iccsee.2013.591},
file = {:home/zombie/Dropbox/TU/Bachelor Arbeit Energieeffizenz/Quellen/Greenhouse Monitoring and Control System Based on Zigbee.pdf:pdf},
isbn = {978-90-78677-61-1},
journal = {Proceedings of the 2nd International Conference on Computer Science and Electronics Engineering (ICCSEE 2013)},
keywords = {1 - zigbee,carbon dioxide enrichment,greenhouse,intelligent,pid control},
number = {Iccsee},
pages = {2361--2364},
publisher = {Atlantis Press},
title = {{Greenhouse Monitoring and Control System Based on Zigbee}},
url = {http://www.atlantis-press.com/php/paper-details.php?id=5022},
year = {2013}
}

@MISC{misc:BIGWebsite,
  author = {{Business Informatics Group}},
  title = {http://www.big.tuwien.ac.at},
  note = {Accessed: 2010-11-09}
}

@BOOK{book:umlatwork,
  title = {{UML @ Work, Objektorientierte Modellierung mit UML 2}},
  publisher = {dpunkt.verlag},
  year = {2005 (in German)},
  author = {Hitz, M. and Kappel, G. and Kapsammer, E. and Retschitzegger, W.},
  edition = {3.},
  owner = {pl},
  timestamp = {2009.03.01}
}

@ARTICLE{jour:B2BServices,
  author = {Christian Huemer and Philipp Liegl and Rainer Schuster and Marco
	Zapletal},
  title = {{B2B Services: Worksheet-Driven Development of Modeling Artifacts
	and Code}},
  journal = {Computer Journal},
  year = {2009},
  volume = {52},
  pages = {28--67},
  number = {2}
}

@INCOLLECTION{incoll:ErhardKonrad1992,
  author = {Schwinger, W. and Koch, N.},
  title = {{Modeling Web Applications}},
  booktitle = {{Web Engineering}},
  publisher = {John Wiley \& Sons, Ltd},
  year = {2006},
  editor = {Kappel, G. and Pr\"{o}ll, B. and Reich, S. and Retschitzegger, W.},
  pages = {39-64}
}

@MASTERSTHESIS{mast:AUMLProfile,
  author = {Langer, P.},
  title = {{Konflikterkennung in der Modellversionierung}},
  school = {Vienna University of Technology},
  year = {2009},
  owner = {pl},
  timestamp = {2009.03.01}
}

@MANUAL{man:BPEL,
  title = {{Business Process Execution Language 2.0 (WS-BPEL 2.0)}},
  author = {OASIS},
  year = {2007},
  owner = {pl},
  timestamp = {2009.03.01}
}

@INPROCEEDINGS{proc:TheWebMLApproach,
  author = {Schauerhuber, A. and Wimmer, M. and Schwinger, W. and Kapsammer,
	E. and Retschitzegger, W.},
  title = {{Aspect-Oriented Modeling of Ubiquitous Web Applications: The aspectWebML
	Approach}},
  booktitle = {Proceedings of the 14th Annual IEEE International Conference and
	Workshops on the Engineering of Computer-Based Systems (ECBS '07),
	March 26-29, Tucson, Arizona, USA},
  year = {2007},
  pages = {569--576},
  publisher = {IEEE CS Press}
}

@PHDTHESIS{phdthesis:manuelWimmer,
  author = {Wimmer, M.},
  title = {{From Mining to Mapping and Roundtrip Transformations - A Systematic
	Approach to Model-based Tool Integration}},
  school = {Vienna University of Technology},
  year = {2008}
}

